@unpublished{Bersani,
author = {Bersani, Marcello M. and Erascu, Madalina and Ghilardi, Silvio and Marconi, Francesco and Rossi, Matteo},
pages = {2017},
title = {{Formal Verification of Data-Intensive Applications through Model Checking Modulo Theories}}
}

@misc{,
title = {{Negotiation Module. Security Reasoner}},
url = {https://bitbucket.org/specs-team/specs-core-negotiation-securityreasoner}
}

@inproceedings{Jac01,
author = {Jackson, D},
booktitle = {{\{}FME{\}} 2001: Formal Methods for Increasing Software Productivity, International Symposium of Formal Methods Europe, Berlin, Germany, March 12-16, 2001, Proceedings},
title = {{Lightweight Formal Methods}},
year = {2001}
}

@techreport{NIST80054r4,
institution = {National Institute of Standards and Technology},
title = {{NIST SP-800-53: Recommended Security Controls for Federal Information Systems}},
year = {2013}
}

@article{TakeshiTakahashi_IEEE_VT_Magazine_2013,
author = {Takahashi, Takeshi and Harju, Jarmo and Kannisto, Joona and Silverajan, Bilhanan and Harju, Jarmo and Matsuo, Shin'ichiro},
journal = {IEEE Vehicular Technology Magazine},
month = {jul},
publisher = {IEEE},
title = {{Tailored security: building nonrepudiable security service level agreements}},
volume = {8},
year = {2013}
}

@book{martin2009clean,
  title={Clean code: a handbook of agile software craftsmanship},
  author={Martin, Robert C},
  year={2009},
  publisher={Pearson Education}
}

@book{scarioni2019pro,
  title={Pro spring security: securing spring framework 5 and boot 2-based Java applications},
  author={Scarioni, Carlo and Nardone, Massimo},
  year={2019},
  publisher={Apress}
}

@article{gibbinscross,
  title={Cross Origin Resource Sharing},
  journal={{}},
  year={{}},
  author={Gibbins, Nicholas}
}

@techreport{jones2015json,
  title={Json web token (jwt)},
  author={Jones, Michael and Bradley, John and Sakimura, Nat},
  institution={IETF},
  year={2015}
}

@book{spilca2020spring,
  title={Spring security in action},
  author={Spilca, Laurentiu},
  year={2020},
  publisher={Simon and Schuster}
}

@misc{baeldung_java_vs_final_class,
  key = {Java Record vs Final Class},
  title = {{Java Record vs Final Class}},
  howpublished = {\url{https://web.archive.org/web/20230519010321/https://www.baeldung.com/java-record-vs-final-class}}
}